@article{ailes_fierabras_2002,
	title = {{\em Fierabras} and the {\em Chanson de Roland}: an intertextual diptych},
	volume = {28},
	issn = {0950-3129},
	shorttitle = {{{Fierabras}} and the {{Chanson} de Roland}},
	journal = {Reading Medieval Studies},
	author = {Marianne J. Ailes},
	gender = {sf},
	year = {2002},
	pages = {3--22}
},


@book{guessard_otinel_1859,
	title = {Otinel, chanson de geste : publi\'{e}s pour la premi\`{e}re fois, d'apr\`{e}s les manuscrits de Rome et de Middlehill},
	shorttitle = {Otinel, chanson de geste},
	series = {Les anciens po\"{e}tes de la France},
	number = {1},
	publisher = {F. Vieweg},
	author = {Fran\c{c}ois Guessard and {Henri-Victor} Michelant},
	year = {1859},
	address = {Paris},
},


@incollection{ailes_anglo-norman_2008,
	address = {Cambridge},
	series = {Studies in Medieval Romance},
	title = {The {Anglo-Norman} {\em Boeve de Haumtone} as a {\em chanson de geste}},
	isbn = {978-1-84384-173-9},
	booktitle = {Sir Bevis of Hampton in Literary Tradition},
	publisher = {{D.S.} Brewer},
	author = {Marianne J. Ailes},
	gender = {sf},
	editor = {Jennifer Fellows and Ivana Djordjevic},
	year = {2008},
	pages = {9--24}
}

@collection{lachin_i_2008,
	address = {Rome et Padoue},
	title = {I Trovatori nel Veneto e a Venezia~: Atti del Convegno Internazionale {(Venezia,} 28{\textendash}31 ottobre 2004)},
	editor = {Giosu\`{e} Lachin},
	gender = {sm},
	year = {2008},
    series = {Medioevo e Rinascimento veneto},
	number = 3,	
	note = {},
}
